@book{Norman:2013,
  title =        {The Design Of Everyday Things Revised and Expanded Edition},
  author =       {Norman, Donald A.},
  address =      {New York, New York, USA},
  year =         2013,
  publisher =    {Basic Books}
}